@String{lncs = {Lecture Notes in Computer Science}}
@String{procecoop = {Proceedings of the European Conference on
    Object-Oriented Programming ({ECOOP})}}

@article{chen-2021-copilot,
    title={Evaluating Large Language Models Trained on Code},
    author={Mark Chen and Jerry Tworek and Heewoo Jun and Qiming Yuan and
        Henrique Ponde de Oliveira Pinto and Jared Kaplan and Harri Edwards and 
        Yuri Burda and Nicholas Joseph and Greg Brockman and Alex Ray and 
        Raul Puri and Gretchen Krueger and Michael Petrov and Heidy Khlaaf and 
        Girish Sastry and Pamela Mishkin and Brooke Chan and Scott Gray and 
        Nick Ryder and Mikhail Pavlov and Alethea Power and Lukasz Kaiser and 
        Mohammad Bavarian and Clemens Winter and Philippe Tillet and 
        Felipe Petroski Such and Dave Cummings and Matthias Plappert and 
        Fotios Chantzis and Elizabeth Barnes and Ariel Herbert-Voss and 
        William Hebgen Guss and Alex Nichol and Alex Paino and Nikolas Tezak and 
        Jie Tang and Igor Babuschkin and Suchir Balaji and Shantanu Jain and 
        William Saunders and Christopher Hesse and Andrew N. Carr and 
        Jan Leike and Josh Achiam and Vedant Misra and Evan Morikawa and 
        Alec Radford and Matthew Knight and Miles Brundage and Mira Murati and 
        Katie Mayer and Peter Welinder and Bob McGrew and Dario Amodei and 
        Sam McCandlish and Ilya Sutskever and Wojciech Zaremba},
    year={2021},
    eprint={2107.03374},
    archivePrefix={arXiv},
    primaryClass={cs.LG}
}

@article{reps-1983-context,
    author = {Reps, Thomas and Teitelbaum, Tim and Demers, Alan},
    title = {Incremental Context-Dependent Analysis for Language-Based Editors},
    year = {1983},
    issue_date = {July 1983},
    publisher = {Association for Computing Machinery},
    address = {New York, NY, USA},
    volume = {5},
    number = {3},
    issn = {0164-0925},
    url = {https://doi.org/10.1145/2166.357218},
    doi = {10.1145/2166.357218},
    journal = {ACM Trans. Program. Lang. Syst.},
    month = {jul},
    pages = {449–477},
    numpages = {29}
}

@inproceedings{latoza-2006-mental-models,
    author = {LaToza, Thomas D. and Venolia, Gina and DeLine, Robert},
    title = {Maintaining Mental Models: A Study of Developer Work Habits},
    year = {2006},
    isbn = {1595933751},
    publisher = {Association for Computing Machinery},
    address = {New York, NY, USA},
    url = {https://doi.org/10.1145/1134285.1134355},
    doi = {10.1145/1134285.1134355},
    booktitle = {Proceedings of the 28th International Conference on Software Engineering},
    pages = {492–501},
    numpages = {10},
    keywords = {code duplication, agile software development, interruptions, debugging, communication, code ownership},
    location = {Shanghai, China},
    series = {ICSE '06}
}

@INPROCEEDINGS{latoza-2010-reach,
    author={LaToza, Thomas D. and Myers, Brad A.},
    booktitle={2010 ACM/IEEE 32nd International Conference on Software Engineering}, 
    title={Developers ask reachability questions}, 
    year={2010},
    volume={1},
    number={},
    pages={185-194},
    doi={10.1145/1806799.1806829}
}

@article{potvin-2016-google,
    Title	= {Why Google Stores Billions of Lines of Code in a Single Repository},
    Author	= {Rachel Potvin and Josh Levenberg},
    Year	= {2016},
    URL	= {http://dl.acm.org/citation.cfm?id=2854146},
    Journal	= {Communications of the ACM},
    Pages	= {78-87},
    Volume	= {59}
}

@book{feiler-2006-ulss,
    title = {Ultra-Large-Scale Systems: The Software Challenge of the Future},
    author={Peter Feiler and Kevin Sullivan and Kurt Wallnau and Richard 
        Gabriel and John Goodenough and Richard Linger and Thomas Longstaff 
        and Rick Kazman and Mark Klein and Linda Northrop and Douglas Schmidt},
    year={2006},
    publisher={Software Engineering Institute, Carnegie Mellon University},
}

@Book{lamport-1994-ladps,
    author =	{Lamport, Leslie},
    title =	{\LaTeX: A Document Preparation System},
    booktitle =	{\LaTeX: A Document Preparation System},
    year =	1994,
    edition =	2,
    publisher =	{Addison-Wesley},
    isbn =	0201529831,
}

@Book{bringhurst-2002-teots,
    author =	{Bringhurst, Robert},
    title =	{The Elements of Typographic Style},
    booktitle =	{The Elements of Typographic Style},
    year =	2002,
    edition =	{2.5},
    publisher =	{Hartley \& Marks},
    isbn =	0881791326,
}

@InProceedings{kiczales-1997-aop,
    author =    {Kiczales, Gregor and Lamping, John and
		    Mendhekar, Anurag and Maeda, Chris and
		    Lopes, Cristina and Loingtier, Jean-Marc
		    and Irwin, John},
    title =     {Aspect-Oriented Programming},
    booktitle = procecoop,
    year =	1997,
    series =    lncs,
    volume =    2591,
    pages =     {220--242},
    keywords =  {aop, aspect-oriented programming},
    online =	{http://www.parc.xerox.com/csl/groups/sda/pubs/papers/Kiczal
es-ECOOP97/for-web.pdf},
}

@Book{rowling-1997-hpps,
    author =	{Rowling, Joanna K.},
    title =	{Harry Potter and the Philospher's Stone},
    year =	1997,
    publisher =	{Bloomsbury},
    isbn =	0747532699,
}
